<record><leader>00000cas a22000007a 4500</leader><controlfield tag="001">12630435</controlfield><controlfield tag="008">851003d186618uumsuir ne      0    0eng d</controlfield><datafield ind1=" " ind2=" " tag="010"><subfield code="a">sn 85034289 </subfield></datafield><datafield ind1=" " ind2=" " tag="040"><subfield code="a">NPU</subfield><subfield code="b">eng</subfield><subfield code="c">NPU</subfield><subfield code="d">NPX</subfield><subfield code="d">KNP</subfield><subfield code="d">NSD</subfield><subfield code="d">OCLCQ</subfield></datafield><datafield ind1=" " ind2=" " tag="042"><subfield code="a">msc</subfield></datafield><datafield ind1="0" ind2=" " tag="130"><subfield code="a">Tri-weekly examiner (Aberdeen, Miss. : 1866)</subfield></datafield><datafield ind1="1" ind2="0" tag="245"><subfield code="a">Tri-weekly examiner.</subfield></datafield><datafield ind1=" " ind2=" " tag="260"><subfield code="a">Aberdeen, Miss. :</subfield><subfield code="b">S.A. Jonas</subfield></datafield><datafield ind1=" " ind2=" " tag="300"><subfield code="a">v. ;</subfield><subfield code="c">56 cm.</subfield></datafield><datafield ind1=" " ind2=" " tag="310"><subfield code="a">Three times a week</subfield></datafield><datafield ind1="1" ind2=" " tag="362"><subfield code="a">Began in 1866.</subfield><subfield code="z">Cf. Rowell, 1873.</subfield></datafield><datafield ind1=" " ind2=" " tag="500"><subfield code="a">Editor: S.A. Jonas, &lt;1876&gt;.</subfield></datafield><datafield ind1=" " ind2=" " tag="580"><subfield code="a">Weekly ed.: Aberdeen examiner (Aberdeen, Miss. : 1866).</subfield></datafield><datafield ind1=" " ind2=" " tag="588"><subfield code="a">Description based on: Vol. 7, no. 14 (June 2, 1873).</subfield></datafield><datafield ind1=" " ind2=" " tag="752"><subfield code="a">United States</subfield><subfield code="b">Mississippi</subfield><subfield code="c">Monroe</subfield><subfield code="d">Aberdeen.</subfield></datafield><datafield ind1="1" ind2=" " tag="775"><subfield code="t">Aberdeen examiner (Aberdeen, Miss. : 1866)</subfield><subfield code="x">1055-3061</subfield><subfield code="w">(DLC)sn 83016734</subfield></datafield><datafield ind1="1" ind2=" " tag="029"><subfield code="a">AU@</subfield><subfield code="b">000025838780</subfield></datafield></record>